% Apache Spark

@misc{Spark,
author = {{Apache Software Foundation}},
title = {{Apache Spark}},
note = {Disponível em: <\url{http://spark.apache.org}>. Acesso em Abril 22, 2016},
year = {2016}
}

% Apache Storm

@misc{Storm,
author = {{Apache Software Foundation}},
title = {{Apache Storm}},
note = {Disponível em: <\url{http://storm.apache.org}>. Acesso em Abril 30, 2016},
year = {2016}
}

% Apache Hadoop YARN

@misc{Yarn,
author = {{Apache Software Foundation}},
title = {{Apache Hadoop \abrv[YARN -- Yet Another Resource Negotiator]{YARN}}},
note = {Disponível em: <\url{http://hadoop.apache.org}>. Acesso em Abril 22, 2016},
year = {2016}
}

% Apache Thrift

@misc{Thrift,
author = {{Apache Software Foundation}},
title = {{Apache Thrift}},
note = {Disponível em: <\url{http://thrift.apache.org}>. Acesso em Abril 30, 2016},
year = {2016}
}

% Apache ZooKeeper

@misc{ZooKeeper,
author = {{Apache Software Foundation}},
title = {{Apache ZooKeeper}},
note = {Disponível em: <\url{https://zookeeper.apache.org}>. Acesso em Abril 30, 2016},
year = {2016}
}

% Apache Mesos

@misc{Mesos,
author = {{Apache Software Foundation}},
title = {{Apache Mesos}},
note = {Disponível em: <\url{http://mesos.apache.org}>. Acesso em Abril 23, 2016},
year = {2016}
}

% Techopedia

@misc{Techopedia,
author = {{Techopedia}},
note = {Disponível em: <\url{https://www.techopedia.com}>. Acesso em Abril 23, 2016},
year = {2016}
}

% Learning Spark
@Book{LearningSpark,
author = {Karau, H. and
          Konwinski, A. and
          Wendell, P. and
          Zaharia, M.},
title = {Learning Spark},
publisher = {O'Reilly Media},
year = {2015},
edition = {1st}
}

% Learning Storm
@Book{LearningStorm,
author = {Jain, A. and
          Nalya, A.},
title = {Learning Storm},
publisher = {Packt Publishing},
year = {2014},
edition = {1st}
}

% Storm usando Python
@Book{StormPython,
author = {Hart, B. and
          Bhatnagar, K.},
title = {Building Python Real-Time Applications with Storm},
publisher = {Packt Publishing},
year = {2015},
edition = {1st}
}

% Gitbook Spark Internals

@misc{SparkInternals,
author = {Xu, L. and
          Ju, H. and
          Ren, H.},
title = {{Gitbook: SparkInternals}},
note = {Disponível em: <\url{https://github.com/JerryLead/SparkInternals}>. Acesso em Abril 30, 2016},
year = {2015}
}

% Graph Teory

@misc{GraphTeory,
author = {Ruohonen, K.},
title = {{Graph Teory}},
note = {Disponível em: <\url{http://math.tut.fi/~ruohonen/GT_English.pdf}>. Acesso em Maio 01, 2016},
year = {2013}
}