%% This BibTeX bibliography file was created using BibDesk.
%% http://bibdesk.sourceforge.net/

%% Created for Felipe Cordeiro at 2016-04-29 08:23:49 -0300 


%% Saved with string encoding Unicode (UTF-8) 



@misc{Yarn,
	Author = {Apache Software Foundation},
	Date-Modified = {2016-04-29 11:23:47 +0000},
	Month = Apr,
	Note = {Apr., 2016. Dispon{\`I}vel em: <\url{http://hadoop.apache.org/docs/current/hadoop-yarn/hadoop-yarn-site/index.html}>. Acesso em Abril 22, 2016},
	Read = {0},
	Title = {{Apache Hadoop {YARN}}},
	Year = {2016}}

@techreport{Jaszkiewicz,
	Author = {Andrzej Jaszkiewicz},
	Institution = {Institute of Computing Science, Poznan University of Technology},
	Number = {RA-014/98},
	Title = {Genetic local search for multiple objective combinatorial optimization},
	Year = 1998}

@inbook{KnowlesBoundedPareto,
	Author = {Joshua Knowles and David Corne},
	Chapter = {Bounded {P}areto Archiving: Theory and Practice},
	Editor = {X. Gandibleux and M. Sevaux and K. S\"orensen and V. \relax{T'Kindt}},
	Optannote = {ISBN: 3-540-20637-X},
	Pages = {39--64},
	Publisher = {Springer},
	Series = {Lecture Notes in Economics and Mathematical Systems},
	Title = {Metaheuristics for Multiobjective Optimisation},
	Volume = {535},
	Year = {2004}}

@inproceedings{KnowlesBoundedLebesgue,
	Author = {Joshua D. Knowles and David W. Corne and Mark Fleischer},
	Booktitle = {Proceedings of the IEEE Congress on Evolutionary Computation},
	Pages = {2490--2497},
	Publisher = {IEEE Press},
	Title = {Bounded Archiving using the {L}ebesgue Measure},
	Year = {2003}}

@article{LopezPaqueteStu,
	Author = {Manuel L{\'o}pez-Ib{\'a}{\~n}ez and Lu\'is Paquete and Thomas St{\"u}tzle},
	Journal = {Journal of Mathematical Modelling and Algorithms},
	Number = 1,
	Pages = {111--137},
	Title = {Hybrid Population-based Algorithms for the Bi-objective Quadratic Assignment Problem},
	Volume = 5,
	Year = 2006}

@book{Silberschatz,
	Address = {Boston},
	Author = {Silberschatz, Abraham and Korth, Henry F. and Sudarshan, S.},
	Edition = {4th},
	Publisher = {McGraw-Hill},
	Title = {Database system concepts},
	Year = {2002}}

@masterthesis{Angelo,
	Address = {Porto Alegre, RS, Brasil},
	Author = {Angelo Agra},
	Month = Jul,
	School = {Instituto de Inform·tica, UFRGS},
	Title = {Implementa{\'A}„o de uma Proposta para Atualiza{\'A}„o de Bancos de Dados atrav{\`E}s de Visıes},
	Type = {{Projeto de Diploma{\'A}„o}},
	Year = {2004}}
